@Manual{R-base,
  title = {R: A Language and Environment for Statistical Computing},
  author = {{R Core Team}},
  organization = {R Foundation for Statistical Computing},
  address = {Vienna, Austria},
  year = {2020},
  url = {https://www.R-project.org/},
}
@Manual{R-papaja,
  author = {Frederik Aust and Marius Barth},
  title = {{papaja}: {Create} {APA} manuscripts with {R Markdown}},
  year = {2020},
  note = {R package version 0.1.0.9997},
  url = {https://github.com/crsh/papaja},
}
@Manual{R-distill,
  title = {distill: 'R Markdown' Format for Scientific and Technical Writing},
  author = {JJ Allaire and Rich Iannone and Alison {Presmanes Hill} and Yihui Xie},
  year = {2021},
  note = {R package version 1.2},
  url = {https://CRAN.R-project.org/package=distill},
}
